<?xml version="1.0" encoding="UTF-8"?><collection xmlns="http://www.loc.gov/MARC21/slim"><record><leader>00609nam--2200205-i-4500</leader><controlfield tag="001">000018259</controlfield><controlfield tag="002">20161230</controlfield><controlfield tag="005">20161230201032</controlfield><controlfield tag="008">060222s1000------------r-----000-0-rus-d</controlfield><datafield ind1=" " ind2=" " tag="040"><subfield code="a">IFIN-HH</subfield></datafield><datafield ind1=" " ind2=" " tag="041"><subfield code="a">rus</subfield></datafield><datafield ind1=" " ind2=" " tag="080"><subfield code="a">539.12.04</subfield></datafield><datafield ind1="1" ind2=" " tag="100"><subfield code="a">Bolt, Robert O</subfield></datafield><datafield ind1="1" ind2="0" tag="245"><subfield code="a">Deistvie radiatii na organiceslie materiali</subfield><subfield code="c">Robert o. bolt, james g. carroll (eds.)</subfield></datafield><datafield ind1=" " ind2=" " tag="260"><subfield code="a">Moskva</subfield><subfield code="b">Atomizdat</subfield><subfield code="c">1965</subfield></datafield><datafield ind1=" " ind2=" " tag="300"><subfield code="a">499P</subfield></datafield><datafield ind1=" " ind2=" " tag="500"><subfield code="a">Titlul Original In Limba Engleza: Radiation Effects On Organic Materials</subfield></datafield><datafield ind1="1" ind2=" " tag="700"><subfield code="a">Carroll, James G</subfield><subfield code="e">Ed</subfield></datafield><datafield ind1=" " ind2=" " tag="852"><subfield code="a">22923</subfield><subfield code="c">539.12.04</subfield></datafield><datafield ind1=" " ind2=" " tag="CAT"><subfield code="a">Sys</subfield><subfield code="c">20120206</subfield><subfield code="h">150444</subfield></datafield></record></collection>